<?xml version="1.0" encoding="UTF-8"?>
<collection xmlns:xsi="http://www.w3.org/2001/XMLSchema-instance" xsi:schemaLocation="http://www.loc.gov/MARC21/slim http://www.loc.gov/standards/marcxml/schema/MARC21slim.xsd" xmlns="http://www.loc.gov/MARC21/slim">
<record>
  <leader>00765cam a2200241 a 4500</leader>
  <controlfield tag="001">3058866</controlfield>
  <controlfield tag="003">NNC</controlfield>
  <controlfield tag="005">20130426014645.0</controlfield>
  <controlfield tag="008">970917m19311934ua            000 0 arard</controlfield>
  <datafield tag="035" ind1=" " ind2=" ">
    <subfield code="a">(OCoLC)ocm37632762</subfield>
  </datafield>
  <datafield tag="035" ind1=" " ind2=" ">
    <subfield code="9">ATM7473CU</subfield>
  </datafield>
  <datafield tag="035" ind1=" " ind2=" ">
    <subfield code="a">(NNC)3058866</subfield>
  </datafield>
  <datafield tag="040" ind1=" " ind2=" ">
    <subfield code="a">IXA</subfield>
    <subfield code="c">IXA</subfield>
    <subfield code="d">ZCU</subfield>
  </datafield>
  <datafield tag="099" ind1=" " ind2=" ">
    <subfield code="a">893.795</subfield>
    <subfield code="a">T516</subfield>
  </datafield>
  <datafield tag="100" ind1="1" ind2=" ">
    <subfield code="a">Tirmidhī, Muḥammad ibn ʻĪsá,</subfield>
    <subfield code="d">-892.</subfield>
  </datafield>
  <datafield tag="245" ind1="1" ind2="0">
    <subfield code="a">Ṣaḥīḥ al-Tirmidhī /</subfield>
    <subfield code="c">bi-sharḥ al-Imām Ibn al-ʻArabī al-Mālikī.</subfield>
  </datafield>
  <datafield tag="250" ind1=" " ind2=" ">
    <subfield code="a">al-Ṭabʻah 1.</subfield>
  </datafield>
  <datafield tag="260" ind1=" " ind2=" ">
    <subfield code="a">[Cairo] :</subfield>
    <subfield code="b">al-Maṭbaʻah al-Miṣrīyah bi-al-Azhar,</subfield>
    <subfield code="c">1931-1934.</subfield>
  </datafield>
  <datafield tag="300" ind1=" " ind2=" ">
    <subfield code="a">13 v. in 7 ;</subfield>
    <subfield code="c">24 cm.</subfield>
  </datafield>
  <datafield tag="500" ind1=" " ind2=" ">
    <subfield code="a">Cover title.</subfield>
  </datafield>
  <datafield tag="650" ind1=" " ind2="0">
    <subfield code="a">Hadith.</subfield>
  </datafield>
  <datafield tag="700" ind1="1" ind2=" ">
    <subfield code="a">Ibn al-ʻArabī, Muḥammad ibn ʻAbd Allāh,</subfield>
    <subfield code="d">1076-1148.</subfield>
  </datafield>
  <datafield tag="955" ind1=" " ind2=" ">
    <subfield code="b">0026816652</subfield>
    <subfield code="d">glx</subfield>
    <subfield code="e">893.795 T516</subfield>
    <subfield code="v">v.13</subfield>
  </datafield>
</record>
</collection>